% Encoding: UTF-8

@InProceedings{Sequoia,
  author    = {Fatahalian, Kayvon and Horn, Daniel Reiter and Knight, Timothy J. and Leem, Larkhoon and Houston, Mike and Park, Ji Young and Erez, Mattan and Ren, Manman and Aiken, Alex and Dally, William J. and Hanrahan, Pat},
  title     = {{Sequoia: Programming the Memory Hierarchy}},
  booktitle = {Proceedings of the 2006 ACM/IEEE Conference on Supercomputing},
  year      = {2006},
  series    = {SC '06},
  address   = {New York, NY, USA},
  publisher = {ACM},
  acmid     = {1188543},
  articleno = {83},
  doi       = {10.1145/1188455.1188543},
  isbn      = {0-7695-2700-0},
  location  = {Tampa, Florida},
  url       = {http://doi.acm.org/10.1145/1188455.1188543},
}

@Article{MPITopFunc,
  author    = {Rashti, Mohammad Javad and Green, Jonathan and Balaji, Pavan and Afsahi, Ahmad and Gropp, William},
  title     = {Multi-core and Network Aware MPI Topology Functions},
  journal   = {Recent Advances in the Message Passing Interface},
  year      = {2011},
  month     = {jan},
  date      = {2011-01-01},
  doi       = {10.1007/978-3-642-24449-0_8},
  publisher = {Springer},
  url       = {http://dx.doi.org/10.1007/978-3-642-24449-0_8},
}

@Article{FGOMP,
  author    = {Broquedis, Fran{\c{c}}ois and Furmento, Nathalie and Goglin, Brice and Wacrenier, Pierre-Andr{\'e} and Namyst, Raymond},
  title     = {{ForestGOMP: an efficient OpenMP environment for NUMA architectures}},
  journal   = {International Journal of Parallel Programming},
  year      = {2010},
  volume    = {38},
  number    = {5-6},
  pages     = {418--439},
  publisher = {Springer},
}

@InProceedings{hwloc2010,
  author    = {Broquedis, Fran{\c{c}}ois and Clet-Ortega, J{\'e}r{\^o}me and Moreaud, St{\'e}phanie and Furmento, Nathalie and Goglin, Brice and Mercier, Guillaume and Thibault, Samuel and Namyst, Raymond},
  title     = {{hwloc: a Generic Framework for Managing Hardware Affinities in {HPC} Applications}},
  booktitle = {PDP 2010-The 18th Euromicro International Conference on Parallel, Distributed and Network-Based Computing},
  year      = {2010},
  pages     = {180--186},
  month     = {fev},
  doi       = {10.1109/PDP.2010.67},
  issn      = {1066-6192},
  keywords  = {application program interfaces, message passing, multi-threading, scheduling, MPI software, OpenMP thread scheduling, complex hardware topology, hardware affinities management, hardware locality software, high-performance computing, hwloc, memory nodes, multicore processor, runtime system, shared caches, software affinity, Application software, Bandwidth, Computer architecture, Concurrent computing, Conference management, Hardware, Memory management, Software libraries, Topology, Yarn, Hardware Topology Affinities Placement MPI OpenMP},
}

@Comment{InProceedingshwloc2010,
  author    = {Broquedis, Fran{\c{c}}ois and Clet-Ortega, J{\'e}r{\^o}me and Moreaud, St{\'e}phanie and Furmento, Nathalie and Goglin, Brice and Mercier, Guillaume and Thibault, Samuel and Namyst, Raymond},
  title     = {{hwloc: A generic framework for managing hardware affinities in hpc applications}},
  booktitle = {PDP 2010-The 18th Euromicro International Conference on Parallel, Distributed and Network-Based Computing},
  year      = {2010},
}

@InProceedings{LIKWID,
  author    = {J. Treibig and G. Hager and G. Wellein},
  title     = {{LIKWID: A lightweight performance-oriented tool suite for x86 multicore environments}},
  booktitle = {Proc. 39th Int. Conf. Parallel Processing Workshops},
  year      = {2010},
  pages     = {207--216},
  month     = {set},
  doi       = {10.1109/ICPPW.2010.38},
  issn      = {0190-3918},
}

@InProceedings{hwloc2014,
  author       = {Goglin, Brice},
  title        = {{Managing the topology of heterogeneous cluster nodes with hardware locality (hwloc)}},
  booktitle    = {High Performance Computing \& Simulation (HPCS), 2014 International Conference on},
  year         = {2014},
  pages        = {74--81},
  organization = {IEEE},
}

@Misc{HieSchella,
  title         = {Hierarchical Scheduling for Large Scale Architectures},
  url           = {http://forge.imag.fr/projects/hieschella/},
  urlaccessdate = {14/07/2016},
  year          = {2013}
}

@Misc{hwlocImg,
  title         = {Portable Hardware Locality (hwloc) Documentation: v1.11.3},
  url           = {https://www.open-mpi.org/projects/hwloc/doc/v1.11.3/a00002.php},
  urlaccessdate = {16/07/2016},
  year          = {2016},
}

@Misc{hwlocCod,
  title         = {Hardware locality (hwloc)},
  url           = {https://github.com/open-mpi/hwloc/},
  urlaccessdate = {16/07/2016},
  year          = {2016},
}

@Misc{lstopo,
  title         = {The Best of lstopo},
  url           = {https://www.open-mpi.org/projects/hwloc/lstopo/},
  urlaccessdate = {29/05/2017},
  year          = {2016},
}

@Book{Patterson,
  title     = {{Computer Organization and Design: The Hardware/Software Interface}},
  publisher = {Morgan Kaufmann},
  year      = {2011},
  author    = {Patterson, David A and Hennessy, John L},
  edition   = {4th ed.},
}

  author = {Ribeiro, Christiane and Francesquini, Emilio and Pilla, La√©rcio and Castro, Marcio and Zominy, Laurent and Freitas, Vinicius and Hamdani, Youcef},
@Comment{jabref-meta: databaseType:bibtex;}
